@online{myRobotLab,
    author = {Perry, Greg},
    title = {{MyRobotLab - The OpenCV Service}},
    url = {http://myrobotlab.org/service/opencv},
    year = {2015},
    note = {Accessed 2023},
}

@online{opencvAbout,
    author = {{OpenCV Library}},
    title = {{About Page}},
    date = {2023},
    url = {https://opencv.org/about/},
    note = {Accessed 2023},
}

@online{opencvDemo,
    author = {{OpenCV Library}},
    title = {{Demonstrator (GUI)}},
    date = {2015},
    url = {https://opencv.org/opencv-demonstrator-gui/},
    note = {Accessed 2023},
}

@online{opencvVideoCapture,
    author = {{OpenCV Library}},
    title = {{ViceoCapture Module Documentation}},
    date = {2023},
    url = {https://docs.opencv.org/3.4/d8/dfe/classcv_1_1VideoCapture.html},
    note = {Accessed 2023},
}

@online{opencvImproc,
    author = {{OpenCV Library}},
    title = {{Imgproc Module Documentation}},
    date = {2023},
    url = {https://docs.opencv.org/4.x/d4/d86/group__imgproc__filter.html},
    note = {Accessed 2023},
}

@online{qtAbout,
    author = {{Qt Framework}},
    title = {{About Page}},
    date = {2022},
    url = {https://wiki.qt.io/About_Qt},
    note = {Accessed 2023},
}

@online{cmakeAbout,
    author = {{Kitware}},
    title = {{CMake About Page}},
    url = {https://cmake.org/documentation/},
    note = {Accessed 2023},
}

@inproceedings{gaussian,
    author = {Matei, Radu},
    booktitle = {2007 14th IEEE International Conference on Electronics,
                 Circuits and Systems},
    title = {Gaussian Shaped Multiband FIR and IIR 2D Filters},
    year = {2007},
    volume = {},
    number = {},
    pages = {254-257},
    doi = {10.1109/ICECS.2007.4510978},
}
