@online{myRobotLab,
    author = {Greg Perry},
    title = {MyRobotLab - The OpenCV Service},
    url = {http://myrobotlab.org/service/opencv},
    year = {2015},
    note = {Accessed 2023},
}

@online{opencvDemo,
    author = {{OpenCV Library}},
    title = {OpenCV demonstrator (GUI)},
    date = {2015},
    url = {https://opencv.org/opencv-demonstrator-gui/},
    note = {Accessed 2023},
}
